@book{valdes89,
author =	"{Otaola, J. A. and Valdés-Galicia, J. F.}",
year = "{1992}",
title = "{Rayos cósmicos: mensajeros de las estrellas}",
publisher = "{Fondo de cultura económica}",
address = "{México}"
}
@book{grieder,
author =	"{Grieder, P. K.}",
year = "{2001}",
title = "{Cosmic rays at Earth: Researcher's reference manual and data book}",
publisher = "{Elsevier Science B. V.}",
address = "{Paises Bajos}"
}
@book{dorman,
author =	"{Dorman, L.}",
year = "{2010}",
title = "{Solar neutrons and related Phenomena}",
publisher = "{Springer}",
address = "{Paises Bajos}"
}
@book{hama07,
author =	"{Hamamatsu Photonics K.K.}",
year = "{2007}",
title = "{Photomultiplier tubes: Basics and applications}",
publisher = "{Word Technical Writing, Inc.}",
address = "{Japón, Tercera edición}"
}
@book{syed07,
author =	"{Ahmed, S. N.}",
year = "{2007}",
title = "{Physics and engineering of radiation detection}",
publisher = "{Elseivier}",
address = "{Reino Unido}"
}
@book{fisica13,
author =	"{Cordero Tercero, M. G. and others}",
year = "{2013}",
title = "{Introducción a la Física Espacial}",
publisher = "{UNAM}",
address = "{México}"
}
@book{mirosh15,
author =	"{Miroshnichenko, L. I.}",
year = "{2015}",
title = "{Solar cosmic rays: Fundamentals and applications}",
publisher = "{Springer}",
address = "{Estados Unidos, Segunda Edición}"
}
@book{knoll10,
author =	"{Knoll, G. F.}",
year = "{2010}",
title = "{Radiation detection and measurement}",
publisher = "{John Wiley \& Sons}",
address = "{Estados Unidos, Cuarta edición}"
}
@phdthesis{xavier10,
author =	"{González Méndez, L. X.}",
year = "{2010}",
title = "{El Telescopio de neutrones solares en Sierra Negra  y aceleración de iones en la atmósfera solar}",
school = "{Instituto de Geofísica UNAM}",
type = {Tesis doctoral},
}
@phdthesis{barrantes18,
author =	"{Barrantes, M.}",
year = "{2010}",
title = "{El Telescopio de neutrones solares en Sierra Negra  y aceleración de iones en la atmósfera solar}",
school = "{Instituto de Geofísica UNAM}",
type = {Tesis doctoral},
}
@article{shiba11,
author = "{Shibata, K. y Magara, T.}",
year = "{(2011), 6}",
title = "{{Solar flares: Magnetohydrodynamic processes}}",
volume = "{8}",
journal = "{Living Rev.\, Solar Phys.}",
note = "{[Online article]: cited [21-Ene-2014] \url{http://www.livingreviews.org/lrsp-2011-6}}"
}
@article{carr59,
author =	"{Carrigton, R. C.}",
year = "{1859}",
title = "{{Description of a Singular Appearance seen in the Sun on September 1, 1859}}",
volume = "{20}",
journal = "{Monthly notices of the royal Astronomical Society}",
pages = "{13-15}"
}
@article{chupp82,
author = {Chupp, E. L. and others},
year = {1982},
title = {{A direct observation of solar neutrons following the 0118 UT flare on 1980 June 21}},
volume = {263},
journal = {The Astrophysical Journal, Part 2},
pages = {L95-L99}
}
@article{chupp87,
author={Chupp, E. L.  and others},
year={1987},
title={Solar Neutron Emissivity during the Large Flare on 1982 June 3},
volume={318},
journal={The Astrophysical Journal},
pages={913-925},
doi = {10.1086/165423}
}
@article{bierman51,
author={Bierman, V. L. and Haxel, O. and Schl{\"u}ter, A.},
year={1951},
title = {{Neutral cosmic rays produced in the Sun}},
volume = {6a},
journal = {Zeitschrift für Naturforschung},
pages = {47-48}
}
@article{shea71,
author = {Smart, D. F. and Shea ,M. A.},
year = {1971},
title = {{Solar proton event classification systems}},
volume = {16},
journal = {Solar Physics},
pages = {484-487}
}
@article{morrison58,
author = {Morrison, P.},
year = {1958},
title = {{On gamma ray astronomi}},
volume = {7(6)},
journal = {Il Nuovo Cimento},
pages = {858-865}
}
@article{lingen67,
author = {Lingenfelter, R. E. and Ramaty, R.},
year = {1967},
title = {{High Energy Nuclear Reactions in Solar Flares}},
journal = {High-Energy Nuclear Reactions in Astrophysics: A collection of articles},
pages = {99-158}
}
@article{valdes09,
author = {Valdés-Galicia, J. F. and others},
year = {2009},
title = {{Solar neutron events as a tool to study particle acceleration at the Sun}},
volume = {43},
journal = {Advances in Space Research},
pages = {565-572}
}
@article{valdes04,
author = {Valdés-Galicia, J. F. and others},
year = {2004},
title = {{An improved solar neutron telescope installed at a very high altitude in México}},
volume = {535},
journal = {Nuclear Instruments and Methods in Physics Research A},
pages = {656-664}
}
@article{barnhill08,
author={Barnhill, D. and others},
year={2008},
title={{Testing of photomultiplier tubes for use in the surface detector of the Pierre Auger observatory}},
volume={591},
journal={Nuclear Instruments and Methods in Physics Research A},
pages={453-466},
doi={10.1016/j.nima.2008.01.088}
}
@article{sako06,
author = {Sako, T. and others},
year = {2006},
title = {{Long-lived solar neutron emission in comparison with electron-produced radiaion in the 2005 September 7 solar flare}},
volume = {651},
journal = {The Astrophysical Journal},
pages = {L69-L72}
}
@article{muraki92,
author = {Muraki, Y. and others},
year = {1992},
title = {{Observation of solar neutrons associated with the large flare on 1991 June 4}},
volume = {400},
journal = {The Astrophysical Journal},
pages = {L75-L78}
}
@article{tsu01,
author = {Tsuchiya, H. and others},
year = {2001},
title = {{Detection efficiency of a new type of solar neutron detector calibrated by an accelerator neutron beam}},
volume = {463},
journal = {Nuclear Instruments and Methods in Physics Research A},
pages = {183-193}
}
@article{shibata94,
author={Shibata, S.},
year={1994},
title = {{Propagation of solar neutrons through the atmosphere of the Earth}},
volume = {99},
journal = {Journal of Geophysical Research},
pages = {6651-6665}
}
@article{ynagai14,
author={Nagai, Y. and others},
year={2014},
title = {{First cosmic-ray measurements by the SciCRT solar neutron experiment in Mexico}},
volume = {59},
journal = {Astroparticle physics},
pages = {39-46},
doi={10.1016/j.astropartphys.2014.04.005}
}
@article{hurford03,
author={Hurford, G. J. and others},
year={2003},
title = {{First Gamma-Ray Images of a Solar Flare}},
volume = {595(2)},
journal = {The Astrophysical Journal},
pages = {L77-L80},
doi={10.1086/378179}
}
@article{hurford06,
author={Hurford, G. J. and others},
year={2006},
title = {{Gamma-Ray Imaging of the 2003 October/November Solar Flares}},
volume = {644(1)},
journal = {The Astrophysical Journal},
pages = {L93-L96},
doi={10.1086/505329}
}
@article{evenson83,
author={Evenson, P. and others},
year={1983},
title = {{Protons from the decay of solar flare neutrons}},
volume = {274(2)},
journal = {The Astrophysical Journal},
pages = {875-882},
doi={10.1086/161500}
}
@article{agueda11,
author={Agueda, N. and others},
year={2011},
title = {{On the near-earth observation of protons and electrons from the decay of low-energy solar flare neutrons}},
volume = {737(2)},
journal = {The Astrophysical Journal},
doi={10.1088/0004-637X/737/2/53}
}
@article{ackermann14,
author={Ackermann, M. and others},
year={2014},
title = {{High-energy gamma-ray emission from solar flares: Summary of Fermi Large Area Telescope detections and analysis of two M-class flares}},
volume = {787(15)},
journal = {The Astrophysical Journal},
doi={10.1088/0004-637X/787/1/15}
}
@inproceedings{murphy94,
author={Murphy, R. J. and others},
year={1994},
title={{OSSE observations of the 4 June 1991 solar flare}},
booktitle= {AIP Conference Proceedings},
doi={10.1063/1.45214}
}
@article{myoshi04,
author={Yoshida, M. and others},
year={2004},
title={{Development of the readout system for the K2K SciBar detector}},
volume={51},
number={6},
journal={IEEE transactions on nuclear science},
pages={3043-3046}
}
@article{ysasai14,
author={Sasai, Y. and others},
year={2014},
title={{Performance of the SciBar cosmic ray telescope (SciCRT) toward the detection of high-energy solar neutrons insolar cycle 24}},
volume={66},
number={130},
journal={Earth, Planets and Space}
}
@article{ysasai17,
author={Sasai, Y. and others},
year={2017},
title={{A faster and more reliable data acquisition system for the full performance of the SciCRT}},
volume={857},
journal={Nuclear Instruments and Methods in Physics Research A},
pages={50-57},
doi={10.1016/j.nima.2016.12.060}
}
@article{mineev11,
author={Mineev, O. and others},
year={2011},
title={{Scintillator detectors with long WLS fibers and multi-pixel photodiodes}},
volume={6},
journal={Journal of instrumentation},
pages={P12004},
doi={10.1088/1748-0221/6/12/P12004}
}
@article{gros18,
author={Ros, G. and others},
year={2018},
title={{On the design of experiments based on plastic scintillators using GEANT4 simulations}},
volume={153},
journal={Radiation Physics and Chemistry},
pages={140-151},
doi={10.1016/j.radphyschem.2018.09.021}
}
@phdthesis{dietz16,
author={Dietz-Laursonn, E.},
year={2016},
title={{Detailed Studies of Light Transport in Optical Components of Particle Detectors}},
school={RWTH Aachen University},
url={http://publications.rwth-aachen.de/record/667646}
}
@phdthesis{kikawa14,
author={Kikawa, T.},
year={2014},
title={{Measurement of Neutrino Interactions and Three Flavor Neutrino Oscillations in the T2K Experiment}},
school={Kyoto University}
}
@phdthesis{watanabe05,
author={Watanabe, K.},
year={2005},
title={{Solar Neutron Events Associated with Large Solar Flares in Solar Cycle 23}},
school={Nagoya University}
}
@phdthesis{sasaiphd,
author={Sasai, Y.},
year={2017},
title={{Sensitivity studies on the SciBar Cosmic Ray Telescope (SciCRT) at full performance for ground-based observations of solar neutrons}},
school={Nagoya University}
}
@phdthesis{diegophd,
author={Lopez, D.},
year={2016},
title={{Estimation of the neutron emissions during the large flares of solar cycle 24}},
school={Nagoya University}
}
@phdthesis{tsuchiyaphd,
author={Tsuchiya, H.},
year={2001},
title={{Observation of solar neutrons in association with solar flare using an international network of a new type of solar neutron detector}},
school={Nagoya University}
}
@phdthesis{nagaiphd,
author={Nagai, Y.},
year={2014},
title={{Observation of cosmic rays by the new solar neutron telescope, SciCRT}},
school={Nagoya University}
}
@mastersthesis{itow13,
author={Itow, T.},
year={2013},
title={{Calibration of a high sensitivity instrument for solar neutron observation}},
school={Nagoya University}
}
@article{sanchez10,
author={Sanchéz, F. A. and Medina-Tanco, G.},
year={2010},
title={{Modeling scintillator and WLS fiber signals for fast Monte Carlo simulations}},
volume={620},
journal={Nuclear Instruments and Methods in Physics Research A},
pages={182-191},
doi={10.1016/j.nima.2010.03.110}
}
@article{knitta04,
author={Nitta, K. and others},
year={2004},
title={{The K2K SciBar detector}},
volume={535},
journal={Nuclear Instruments and Methods in Physics Research A},
pages={147-151}
}
@article{hiraide06,
author={Hiraide, K.},
year={2006},
title={{The SciBar Detector at FNAL Booster Neutrino Experiment}},
volume={159},
journal={Nuclear Physics B - Proceedings Supplements},
pages={85-90},
doi={10.1016/j.nuclphysbps.2006.08.052}
}
@article{sato16,
author={Sato, T.},
year={2016},
title={{Analytical Model for Estimating the Zenith Angle Dependence of Terrestrial Cosmic Ray Fluxes}},
volume={11},
number={8},
journal={PLOS ONE},
pages={1-22},
doi = {10.1371/journal.pone.0160390}
}
@article{sato15,
author={Sato, T.},
year={2015},
title={{Analytical Model for Estimating Terrestrial Cosmic Ray Fluxes Nearly Anytime and Anywhere in the World: Extension of PARMA/EXPACS}},
volume={10},
number={12},
journal={PLOS ONE},
pages={1-33},
doi = {10.1371/journal.pone.0144679}
}
@article{uchida08,
author={Uchida, T.},
year={2008},
title={{Hardware-Based TCP Processor for Gigabit Ethernet}},
volume={55},
journal={IEEE transactions on nuclear science},
pages={1631-1637}
}
@article{geant406,
author={Allison, J. and others},
year={2006},
title={{Geant4 developments and applications}},
journal={IEEE transactions on nuclear science},
volume={53},
number={1},
pages={270-278},
doi={10.1109/TNS.2006.869826}
}
@article{geant403,
author={Agostinelli, S. and others},
year={2003},
title={{Geant4---a simulation toolkit}},
journal={Nuclear Instruments and Methods in Physics Research A},
volume={06},
number={3},
pages={250-303},
doi={10.1016/S0168-9002(03)01368-8}
}
@article{watanabe09,
author={Watanabe, K. and others},
year={2009},
title={{Physics of ion acceleration in the solar flare on 2005 September 7 determines $\gamma$-ray and neutron production}},
volume={44},
journal={Advances in Space Research},
pages={789-793}
}
@article{hua02,
author={Hua, X. and others},
year={2002},
title={{Angular and energy-dependent neutron emission from solar flare magnetic loops}},
volume={140(2)},
journal={Astrophysical Journal Supplement Series},
pages={563-579}
}
@article{muraki16,
author={Muraki, Y. and others},
year={2016},
title={{Simultaneous Observation of Solar Neutrons from the International Space Station and High Mountain Observatories in Association with a Flare on July 8, 2014}},
volume={291},
journal={Solar physics},
pages={1241-1265}
}
@inproceedings{debrunner83,
author={Debrunner, H. and others},
year={1983},
title={{The solar cosmic ray neutron event on June 3, 1982}},
booktitle={{Proceedings 18th International Cosmic Ray Conference}}
}
@inproceedings{sako03,
author={Sako, T. and others},
year={2013},
title={{Super Solar Neutron Telescope for the Next Solar Maximum}},
booktitle={{Proceedings 28th International Cosmic Ray Conference}}
}
@article{anzorena20,
author={Anzorena, M. and others},
year={2020},
title={{Simulation and experimental validation of optimum read-out electronics design for scintillator bar cosmic ray
telescope}},
journal={Nuclear Instruments and Methods in Physics Research A},
volume={991},
pages={165019},
doi={10.1016/j.nima.2021.165019}
}
@article{garcia20,
author = {Garcia, R. and other},
year = {2020},
title = {{Particle identification and analysis in the SciCRT using machine learning tools}},
journal={Nuclear Instruments and Methods in Physics Research A},
volume={1003},
pages={165326},
doi={10.1016/j.nima.2021.165326}
}
@article{giovanelli,
author = {Giovanelli, R. G.},
year = {1946},
title = {{A Theory of Chromospheric Flares}},
journal={Nature},
volume={158},
pages={81-82},
doi={10.1038/158081a0}
}
@article{hoyle,
author = {Hoyle, F.},
year = {1950},
title = {{Some Recent Researches in Solar Physics}},
journal={Cambridge University Press},
doi={10.1002/qj.49707632720}
}
@article{sweet,
author = {Sweet, P. A.},
year = {1958},
title = {{The neutral point theory of solar flares}},
journal={Cambridge University Press},
pages={123-134},
doi={10.1017/S0074180900237704}
}
@article{parker,
author = {Parker, E. N.},
year = {1957},
title = {{Sweet’s mechanism for merging magnetic fields in conducting fluids}},
journal={Journal of Geophysical Research},
volume={62(4)},
pages={509-520},
doi={10.1029/JZ062i004p00509}
}
@article{tsuneta,
author = {Tsuneta, S. and others},
year = {1992},
title = {{Observation of a solar flare at the limb with the YOHKOH Soft X-ray Telescope}},
journal={Publications of the Astronomical Society of Japan},
volume={44(5)},
pages={L63-L69}
}
@article{masuda,
author = {Masuda, S. and others},
year = {1994},
title = {{A loop-top hard x-ray source in a compact solar flare as evidence for magnetic reconnection}},
journal={Nature},
volume={371},
pages={495-497},
doi={10.1038/371495a0}
}
@article{yokoyama,
author = {Yokoyama, T. and Shibata, K.},
year = {2001},
title = {{Magnetohydrodynamic Simulation of a Solar Flare with Chromospheric Evaporation Effect Based on the Magnetic Reconnection Model}},
journal={The Astrophysical Journal},
volume={549},
pages={1160-1174},
doi={10.1086/319440}
}
@inproceedings{manzorena171,
author={Anzorena, M. and others},
year={2017},
title={{Current status of SciCRT experiment and its expected future performance}},
booktitle={{Proceedings 35th International Cosmic Ray Conference}},
doi={10.22323/1.301.0051}
}
@techreport{beznosko,
author = {Beznosko, D.},
year = {2004},
title = {{FNAL-NICADD Extruded Scintillator}},
institution = {{Fermilab}}
}
@article{fujiwara10,
author={Fujiwara, T. and others},
year={2010},
title={{Multi-Level Time-Over-Threshold Method for Energy Resolving Multi-Channel Systems}},
volume={57},
number={5},
journal={IEEE transactions on nuclear science},
pages={2545-2548}
}
@article{balla14,
author={Balla, A. and others},
year={2014},
title={{The characterization and application of a low resource FPGA-based time to digital converter}},
volume={739},
journal={Nuclear Instruments and Methods in Physics Research A},
pages={75-82}
}
@article{spencer06,
author={Spencer, D. F. and others},
year={2006},
title={{A high-resolution, multi-stop, time-to-digital converter for nuclear time-of-flight measurements}},
volume={556},
journal={Nuclear Instruments and Methods in Physics Research A},
pages={291-295}
}
@article{ohkawa76,
author={Ohkawa, S. and Yoshizawa, M. and Husimi, K.},
year={1976},
title={{Direct synthesis of the Gaussian filter for nuclear pulse amplifiers}},
volume={138},
journal={Nuclear Instruments and Methods in Physics Research A},
pages={85-92}
}
